<?xml version="1.0" encoding="UTF-8"?><collection xmlns="http://www.loc.gov/MARC21/slim"><record><leader>00306nam--2200121-i-4500</leader><controlfield tag="001">000048723</controlfield><controlfield tag="002">20161230</controlfield><controlfield tag="005">20161230201047</controlfield><controlfield tag="008">060222s1000------------r-----000-0-eng-d</controlfield><datafield ind1=" " ind2=" " tag="080"><subfield code="a">061.3:539.1:539.2</subfield></datafield><datafield ind1=" " ind2=" " tag="245"><subfield code="a">Nuclear physics</subfield></datafield><datafield ind1=" " ind2=" " tag="260"><subfield code="a">Bombay, Department Of Atomic Energy, 1965, Vi + 371p</subfield></datafield><datafield ind1=" " ind2=" " tag="852"><subfield code="a">22013</subfield></datafield></record></collection>